@article{Karp1972,
    author = {Richard M. Karp},
    title = {Reducibility Among Combinatorial Problems},
    journal = {Complexity of Computer Computations},
    year = {1972},
    pages = {85--103},
    publisher = {Plenum Press, New York},
}

@book{GareyJohnson1979,
    author = {Michael R. Garey and David S. Johnson},
    title = {Computers and Intractability: A Guide to the Theory of
             NP-Completeness},
    year = {1979},
    publisher = {W. H. Freeman \& Co.},
    address = {New York, NY, USA},
}

@article{HeldKarp1962,
    author = {Michael Held and Richard M. Karp},
    title = {A Dynamic Programming Approach to Sequencing Problems},
    journal = {Journal of the Society for Industrial and Applied Mathematics},
    year = {1962},
    volume = {10},
    number = {1},
    pages = {196--210},
}

@inproceedings{Dorigo1996,
    author = {Marco Dorigo and Luca Maria Gambardella},
    title = {Ant Colony System: A Cooperative Learning Approach to the Traveling
             Salesman Problem},
    booktitle = {IEEE Transactions on Evolutionary Computation},
    year = {1997},
    volume = {1},
    number = {1},
    pages = {53--66},
}

@misc{PvsNP,
    author = {Clay Mathematics Institute},
    title = {P vs NP Problem},
    year = {2000},
    url = {http://www.claymath.org/millennium-problems/p-vs-np-problem},
}

@article{BigONotation,
    author = {Donald E. Knuth},
    title = {Big Omicron and Big Omega and Big Theta},
    journal = {ACM SIGACT News},
    year = {1976},
    volume = {8},
    number = {2},
    pages = {18--24},
}
